@article{mansfield1986patents,
  title={Patents and innovation: an empirical study},
  author={Mansfield, Edwin},
  journal={Management science},
  volume={32},
  number={2},
  pages={173--181},
  year={1986},
  publisher={INFORMS}
}




@book{han2011data,
  title={Data mining: concepts and techniques},
  author={Han, Jiawei and Pei, Jian and Kamber, Micheline},
  year={2011},
  publisher={Elsevier}
}

@article{ernst2003patent,
  title={Patent information for strategic technology management},
  author={Ernst, Holger},
  journal={World patent information},
  volume={25},
  number={3},
  pages={233--242},
  year={2003},
  publisher={Elsevier}
}

@article{almeida1997exploration,
  title={The exploration of technological diversity and geographic localization in innovation: Start-up firms in the semiconductor industry},
  author={Almeida, Paul and Kogut, Bruce},
  journal={Small Business Economics},
  volume={9},
  number={1},
  pages={21--31},
  year={1997},
  publisher={Springer}
}

@article{shalaby2017patent,
  title={Patent retrieval: a literature review},
  author={Shalaby, Walid and Zadrozny, Wlodek},
  journal={Knowledge and Information Systems},
  pages={1--30},
  year={2017},
  publisher={Springer}
}

@article{berrone2013necessity,
  title={Necessity as the mother of ‘green’inventions: Institutional pressures and environmental innovations},
  author={Berrone, Pascual and Fosfuri, Andrea and Gelabert, Liliana and Gomez-Mejia, Luis R},
  journal={Strategic Management Journal},
  volume={34},
  number={8},
  pages={891--909},
  year={2013},
  publisher={Wiley Online Library}
}

@article{pegels2014germany,
  title={Is Germany׳ s energy transition a case of successful green industrial policy? Contrasting wind and solar PV},
  author={Pegels, Anna and L{\"u}tkenhorst, Wilfried},
  journal={Energy Policy},
  volume={74},
  pages={522--534},
  year={2014},
  publisher={Elsevier}
}

@article{abbas2014literature,
  title={A literature review on the state-of-the-art in patent analysis},
  author={Abbas, Assad and Zhang, Limin and Khan, Samee U},
  journal={World Patent Information},
  volume={37},
  pages={3--13},
  year={2014},
  publisher={Elsevier}
}

@article{park2013identification,
  title={Identification of promising patents for technology transfers using TRIZ evolution trends},
  author={Park, Hyunseok and Ree, Jason Jihoon and Kim, Kwangsoo},
  journal={Expert Systems with Applications},
  volume={40},
  number={2},
  pages={736--743},
  year={2013},
  publisher={Elsevier}
}


@article{liu2011development,
  title={Development of a Patent Retrieval and Analysis Platform--A hybrid approach},
  author={Liu, Su-Houn and Liao, Hsiu-Li and Pi, Shih-Ming and Hu, Jing-Wen},
  journal={Expert systems with applications},
  volume={38},
  number={6},
  pages={7864--7868},
  year={2011},
  publisher={Elsevier}
}


@article{yoon2013identifying,
  title={Identifying technological competition trends for R\&D planning using dynamic patent maps: SAO-based content analysis},
  author={Yoon, Janghyeok and Park, Hyunseok and Kim, Kwangsoo},
  journal={Scientometrics},
  volume={94},
  number={1},
  pages={313--331},
  year={2013},
  publisher={Springer}
}

@article{park2013patent,
  title={A patent intelligence system for strategic technology planning},
  author={Park, Hyunseok and Kim, Kwangsoo and Choi, Sungchul and Yoon, Janghyeok},
  journal={Expert Systems with Applications},
  volume={40},
  number={7},
  pages={2373--2390},
  year={2013},
  publisher={Elsevier}
}

@article{choi2012sao,
  title={An SAO-based text mining approach to building a technology tree for technology planning},
  author={Choi, Sungchul and Park, Hyunseok and Kang, Dongwoo and Lee, Jae Yeol and Kim, Kwangsoo},
  journal={Expert Systems with Applications},
  volume={39},
  number={13},
  pages={11443--11455},
  year={2012},
  publisher={Elsevier}
}

@article{segev2012identification,
  title={Identification of trends from patents using self-organizing maps},
  author={Segev, Aviv and Kantola, Jussi},
  journal={Expert systems with applications},
  volume={39},
  number={18},
  pages={13235--13242},
  year={2012},
  publisher={Elsevier}
}

@article{trappey2013intelligent,
  title={Intelligent patent recommendation system for innovative design collaboration},
  author={Trappey, Amy JC and Trappey, Charles V and Wu, Chun-Yi and Fan, Chin Yuan and Lin, Yi-Liang},
  journal={Journal of Network and Computer Applications},
  volume={36},
  number={6},
  pages={1441--1450},
  year={2013},
  publisher={Elsevier}
}

@book{james2013introduction,
  title={An introduction to statistical learning},
  author={James, Gareth and Witten, Daniela and Hastie, Trevor and Tibshirani, Robert},
  volume={112},
  year={2013},
  publisher={Springer}
}

@article{chen2014big,
  title={Big data: A survey},
  author={Chen, Min and Mao, Shiwen and Liu, Yunhao},
  journal={Mobile Networks and Applications},
  volume={19},
  number={2},
  pages={171--209},
  year={2014},
  publisher={Springer}
}

@inproceedings{agrawal1993mining,
  title={Mining association rules between sets of items in large databases},
  author={Agrawal, Rakesh and Imieli{\'n}ski, Tomasz and Swami, Arun},
  booktitle={Acm sigmod record},
  volume={22},
  number={2},
  pages={207--216},
  year={1993},
  organization={ACM}
}

@inproceedings{agrawal1994fast,
  title={Fast algorithms for mining association rules},
  author={Agrawal, Rakesh and Srikant, Ramakrishnan and others},
  booktitle={Proc. 20th int. conf. very large data bases, VLDB},
  volume={1215},
  pages={487--499},
  year={1994}
}

@inproceedings{webb2000efficient,
  title={Efficient search for association rules},
  author={Webb, Geoffrey I},
  booktitle={Proceedings of the sixth ACM SIGKDD international conference on Knowledge discovery and data mining},
  pages={99--107},
  year={2000},
  organization={ACM}
}

@article{gerken2012new,
  title={A new instrument for technology monitoring: novelty in patents measured by semantic patent analysis},
  author={Gerken, Jan M and Moehrle, Martin G},
  journal={Scientometrics},
  volume={91},
  number={3},
  pages={645--670},
  year={2012},
  publisher={Akad{\'e}miai Kiad{\'o}, co-published with Springer Science+ Business Media BV~…}
}

@article{madani2016evolution,
  title={The evolution of patent mining: Applying bibliometrics analysis and keyword network analysis},
  author={Madani, Farshad and Weber, Charles},
  journal={World Patent Information},
  volume={46},
  pages={32--48},
  year={2016},
  publisher={Elsevier}
}